@article{casanova:hal-01017319,
  hal_id = {hal-01017319},
  url = {http://hal.inria.fr/hal-01017319},
  title = {Versatile, Scalable, and Accurate Simulation of Distributed 
  Applications and Platforms},
  author = {Casanova, Henri and Giersch, Arnaud and Legrand, Arnaud and 
  Quinson, Martin and Suter, Fr{\'e}d{\'e}ric},
  publisher = {Elsevier},
  pages = {2899-2917},
  journal = {Journal of Parallel and Distributed Computing},
  volume = {74},
  number = {10},
  year = {2014},
  month = Jun,
  pdf = {http://hal.inria.fr/hal-01017319/PDF/simgrid3-journal.pdf},
}
@Inbook{Naskos2016,
  author="Naskos, Athanasios
  and Gounaris, Anastasios
  and Sioutas, Spyros",
  editor="Karydis, Ioannis
  and Sioutas, Spyros
  and Triantafillou, Peter
  and Tsoumakos, Dimitrios",
  title="Cloud Elasticity: A Survey",
  bookTitle="Algorithmic Aspects of Cloud Computing: First International 
  Workshop, ALGOCLOUD 2015, Patras, Greece, September 14-15, 2015. Revised 
  Selected Papers",
  year="2016",
  publisher="Springer International Publishing",
  address="Cham",
  pages="151--167",
  isbn="978-3-319-29919-8",
  doi="10.1007/978-3-319-29919-8_12",
  url="http://dx.doi.org/10.1007/978-3-319-29919-8_12"
}
@inproceedings{tighe2013towards,
  title={Towards an improved data centre simulation with DCSim},
  author={Tighe, Michael and Keller, Gast{\'o}n and Shamy, Jamil and Bauer, 
  Michael and Lutfiyya, Hanan},
  booktitle={Proceedings of the 9th International Conference on Network and 
  Service Management (CNSM 2013)},
  pages={364--372},
  year={2013},
  organization={IEEE}
}
@article{calheiros2011cloudsim,
  title={CloudSim: a toolkit for modeling and simulation of cloud computing 
  environments and evaluation of resource provisioning algorithms},
  author={Calheiros, Rodrigo N and Ranjan, Rajiv and Beloglazov, Anton and De 
  Rose, C{\'e}sar AF and Buyya, Rajkumar},
  journal={Software: Practice and Experience},
  volume={41},
  number={1},
  pages={23--50},
  year={2011},
  publisher={Wiley Online Library}
}
@misc{wc98,
  title={World Cup 98 data access logs},
  howpublished={\url{http://ita.ee.lbl.gov/html/contrib/WorldCup.html}},
  note={Accessed: 2016-07-13}
}